@article{Lee2018,
  doi = {10.1016/j.actaastro.2018.01.025},
  url = {https://doi.org/10.1016/j.actaastro.2018.01.025},
  year = {2018},
  month = apr,
  publisher = {Elsevier {BV}},
  volume = {145},
  pages = {105--115},
  author = {Hang Gi Lee and Ju Hyun Shin and Chang-Ho Choi and Eunhwan Jeong and Sejin Kwon},
  title = {Partial admission effect on the performance and vibration of a supersonic impulse turbine},
  journal = {Acta Astronautica}
}

@article{2004,
  doi = {10.5293/kfma.2004.7.6.015},
  url = {https://doi.org/10.5293/kfma.2004.7.6.015},
  year = {2004},
  month = dec,
  publisher = {Korean Fluid Machinery Association},
  volume = {7},
  number = {6},
  pages = {15--20},
  title = {Numerical Flow Analysis of a Partial Admission Turbine Using a Frozen Rotor Method},
  journal = {Journal of Fluid Machinery}
}

@article{OHLSSON1962,
  doi = {10.2514/8.9686},
  url = {https://doi.org/10.2514/8.9686},
  year = {1962},
  month = sep,
  publisher = {American Institute of Aeronautics and Astronautics ({AIAA})},
  volume = {29},
  number = {9},
  pages = {1017--1023},
  author = {GUNNAR O. OHLSSON},
  title = {Partial-Admission Turbines},
  journal = {Journal of the Aerospace Sciences}
}

@article{Cho2008,
  doi = {10.1515/tjj.2008.25.2.111},
  url = {https://doi.org/10.1515/tjj.2008.25.2.111},
  year = {2008},
  month = jan,
  publisher = {Walter de Gruyter {GmbH}},
  volume = {25},
  number = {2},
  author = {Soo-Yong Cho and Chong-Hyun Cho and Chaesil Kim},
  title = {Effect of Solidities and Nozzle Flow Angles on a Partially Admitted Small Axial-Type Turbine},
  journal = {International Journal of Turbo and Jet Engines}
}
