% Turbine theory
@book{Schobeiri2018,
  doi = {10.1007/978-3-319-58378-5},
  url = {https://doi.org/10.1007/978-3-319-58378-5},
  year = {2018},
  publisher = {Springer International Publishing},
  author = {Meinhard T. Schobeiri},
  title = {Gas Turbine Design,  Components and System Design Integration}
}

@book{Saravanamuttoo2017,
 Author = {H. I. H. Saravanamuttoo and G. F. C. Rogers and H. Cohen and P. V. Straznicky and A. C. Nix},
 title = {Gas Turbine Theory (7th Edition)},
 description = {Gas Turbine Theory (7th Edition) (Book, 2017)},
 publisher = {Pearson},
 interhash = {60db7c8f0ab5791e3be08ba7d8f6db43},
 intrahash = {a92b36964d9633aa4e2ccdcc991cce98},
 year = {2017},
 month = {sep},
 isbn = {1292093099},
 url = {https://www.xarg.org/ref/a/1292093099/}
}

@article{Craig1970,
  doi = {10.1243/pime_proc_1970_185_048_02},
  url = {https://doi.org/10.1243/pime_proc_1970_185_048_02},
  year = {1970},
  month = jun,
  publisher = {{SAGE} Publications},
  volume = {185},
  number = {1},
  pages = {407--424},
  author = {H. R. M. Craig and H. J. A. Cox},
  title = {Performance Estimation of Axial Flow Turbines},
  journal = {Proceedings of the Institution of Mechanical Engineers}
}

@inproceedings{IgorGeorge2020,
  doi = {10.1115/gt2020-16028},
  url = {https://doi.org/10.1115/gt2020-16028},
  year = {2020},
  month = sep,
  publisher = {American Society of Mechanical Engineers},
  author = {Igor Oliveira and George Patton Silva and Daniel Tonon and Cleverson Bringhenti and Jesu{\'{\i}}no Takachi Tomita},
  title = {Interactive Learning Platform for Turbine Design Using Reduced Order Methods},
}

@inproceedings{Denton1993,
  doi = {10.1115/93-gt-435},
  url = {https://doi.org/10.1115/93-gt-435},
  year = {1993},
  month = may,
  publisher = {American Society of Mechanical Engineers},
  author = {J. D. Denton},
  title = {Loss Mechanisms in Turbomachines},
}

@article{Denton1998,
  doi = {10.1243/0954406991522220},
  url = {https://doi.org/10.1243/0954406991522220},
  year = {1998},
  month = feb,
  publisher = {{SAGE} Publications},
  volume = {213},
  number = {2},
  pages = {125--137},
  author = {J. D. Denton and L. Xu},
  title = {The exploitation of three-dimensional flow in turbomachinery design},
  journal = {Proceedings of the Institution of Mechanical Engineers,  Part C: Journal of Mechanical Engineering Science}
}

@report{Leach1983,
  author = {K. P. Leach},
  title = {Energy Efficient Engine High-Pressure Turbine Component Rig Performance Test Report},
  institution = {National Aeronautics and Space Administration},
  year = {1983},
  month = may
}

@phdthesis{Kadhim2018,
  author  = {Hakim T. K. Kadhim},
  title   = {Effect of non-axisymmetric casing on flow and performance of an axial turbine},
  school  = {University of Leicester},
  year    = {2018}
}

@inproceedings{DentonWallis1998,
  year = {1998},
  month = may,
  publisher = {American Society of Mechanical Engineers},
  author = {A. M. Wallis and J. D. Denton},
  title = {Comparison of Design Intent and Experimental Measurements in a Low Aspect Ratio Axial Flow Turbine with Three-Dimenisonal Blading},
  booktitle = {International Gas Turbine and Aeroengine Congress and Exibition}
}

@inbook{Ovsyannikov1971,
  title = {Theory and Calculation of Feed Units of Liquid-Propellant Rocket Engines},
  author = {Ovsyannikov, B V and Borovskiy, B I},
  year = {1971},
  publisher = {Moscow State Aviation Institute (Technical University)},
  address = {Moscow},
  chapter = {3, 4 and 5}
}

@book{Belyaev1999,
  year = {1999},
  publisher = {MAI, Moscow},
  author = {Belyaev, E. N., Tchvanov, V. K. and Tchervakov, V. V.},
  title = {Working Processes of Liquid Propellant Rocket Engines}
}

% Optimization and NSGA-II
@article{Deb2002,
  doi = {10.1109/4235.996017},
  url = {https://doi.org/10.1109/4235.996017},
  year = {2002},
  month = apr,
  publisher = {Institute of Electrical and Electronics Engineers ({IEEE})},
  volume = {6},
  number = {2},
  pages = {182--197},
  author = {K. Deb and A. Pratap and S. Agarwal and T. Meyarivan},
  title = {A fast and elitist multiobjective genetic algorithm: {NSGA}-{II}},
  journal = {{IEEE} Transactions on Evolutionary Computation}
}

@book{Rao2012,
  doi = {10.1007/978-1-4471-2748-2},
  url = {https://doi.org/10.1007/978-1-4471-2748-2},
  year = {2012},
  publisher = {Springer London},
  author = {R. Venkata Rao and Vimal J. Savsani},
  title = {Mechanical Design Optimization Using Advanced Optimization Techniques}
}

@book{Deb2012,
  year = {2012},
  publisher = {PHI Learning Private Limited},
  author = {Kalyanmoy Deb},
  title = {Optimization for Engineering Design - Algorithms and Examples},
  isbn = {978-81-203-4678-9}
}

% Optimization of turbines
@inproceedings{Mengistu2004,
  doi = {10.2514/6.2004-4446},
  url = {https://doi.org/10.2514/6.2004-4446},
  year = {2004},
  month = aug,
  publisher = {American Institute of Aeronautics and Astronautics},
  author = {Temesgen Mengistu and Wahid Ghaly},
  title = {Single and Multipoint Shape Optimization of Gas Turbine Blade Cascades},
  booktitle = {10th {AIAA}/{ISSMO} Multidisciplinary Analysis and Optimization Conference}
}

@inproceedings{Maia2019,
  doi = {10.11159/htff19.189},
  url = {https://doi.org/10.11159/htff19.189},
  year = {2019},
  month = aug,
  publisher = {Avestia Publishing},
  author = {Ana Adalgiza Garcia Maia and Janaina Ferreira da Silva and Jesu{\'{\i}}no Takachi Tomita and Cleverson Brighenti},
  title = {Preliminary Design of Axial Flow Turbine for a Small Jet Engine},
  booktitle = {Proceedings of the 5th World Congress on Mechanical,  Chemical,  and Material Engineering}
}

@article{Asgarshamsi2014,
  doi = {10.1177/0954410014541080},
  url = {https://doi.org/10.1177/0954410014541080},
  year = {2014},
  month = jun,
  publisher = {{SAGE} Publications},
  volume = {229},
  number = {5},
  pages = {906--916},
  author = {Abolhassan Asgarshamsi and Ali Hajilouy Benisi and Ahmad Assempour and Hossein Pourfarzaneh},
  title = {Multi-objective optimization of lean and sweep angles for stator and rotor blades of an axial turbine},
  journal = {Proceedings of the Institution of Mechanical Engineers,  Part G: Journal of Aerospace Engineering}
}

@inproceedings{Thorn2016,
  doi = {10.2514/6.2016-0115},
  url = {https://doi.org/10.2514/6.2016-0115},
  year = {2016},
  month = jan,
  publisher = {American Institute of Aeronautics and Astronautics},
  author = {Caitlin R. Thorn and Roy J. Hartfield},
  title = {Three Dimensional Turbine Blade Optimization Using Evolutionary Algorithm with Viscous Flow Analysis},
  booktitle = {54th {AIAA} Aerospace Sciences Meeting}
}

@inproceedings{Arabnia2009,
  doi = {10.1115/gt2009-59708},
  url = {https://doi.org/10.1115/gt2009-59708},
  year = {2009},
  month = jan,
  publisher = {{ASMEDC}},
  author = {Mohammad Arabnia and Wahid Ghaly},
  title = {A Strategy for Multi-Point Shape Optimization of Turbine Stages in Three-Dimensional Flow},
  booktitle = {Volume 7: Turbomachinery,  Parts A and B}
}

@inproceedings{Cervantes2018,
  doi = {10.2514/6.2018-4736},
  url = {https://doi.org/10.2514/6.2018-4736},
  year = {2018},
  month = jul,
  publisher = {American Institute of Aeronautics and Astronautics},
  author = {Noel Cervantes and Roy J. Hartfield},
  title = {An Evolutionary Strategies Method for Optimizing Compressor and Turbine Blades},
  booktitle = {2018 Joint Propulsion Conference}
}

@article{Juangphanich2019,
  doi = {10.3390/e21060604},
  url = {https://doi.org/10.3390/e21060604},
  year = {2019},
  month = jun,
  publisher = {{MDPI} {AG}},
  volume = {21},
  number = {6},
  pages = {604},
  author = {Paht Juangphanich and Cis De Maesschalck and Guillermo Paniagua},
  title = {Turbine Passage Design Methodology to Minimize Entropy Production{\textemdash}A Two-Step Optimization Strategy},
  journal = {Entropy}
}

@inproceedings{Juangphanich2017,
  doi = {10.2514/6.2017-0110},
  url = {https://doi.org/10.2514/6.2017-0110},
  year = {2017},
  month = jan,
  publisher = {American Institute of Aeronautics and Astronautics},
  author = {Paht Juangphanich and Cis G. De Maesschalck and Guillermo Paniagua},
  title = {From Conceptual 1D Design Towards Full 3D Optimization of a Highly Loaded Turbine Stage},
  booktitle = {55th {AIAA} Aerospace Sciences Meeting}
}

@inproceedings{Jenkins1982,
  year = {1982},
  month = jun,
  publisher = {American Institute of Aeronautics and Astronautics},
  author = {J. M. Jenkins},
  title = {A Comprehensive Method For Preliminary Design Optimization Of Axial Gas Turbine Stages},
  booktitle = {18th {AIAA/SAE/ASME} Joint Propulsion Conference}
}

@inproceedings{Jenkins1983,
  year = {1983},
  month = jun,
  publisher = {American Institute of Aeronautics and Astronautics},
  author = {J. M. Jenkins},
  title = {A Comprehensive Method For Preliminary Design Optimization Of Axial Gas Turbine Stages, Part II: Code Verification},
  booktitle = {19th {AIAA/SAE/ASME} Joint Propulsion Conference}
}

@article{Agromayor2019,
  doi = {10.3390/ijtpp4030032},
  url = {https://doi.org/10.3390/ijtpp4030032},
  year = {2019},
  month = sep,
  publisher = {{MDPI} {AG}},
  volume = {4},
  number = {3},
  pages = {32},
  author = {Roberto Agromayor and Lars O. Nord},
  title = {Preliminary Design and Optimization of Axial Turbines Accounting for Diffuser Performance},
  journal = {International Journal of Turbomachinery,  Propulsion and Power}
}

@article{NooriRahimAbadi2017,
  doi = {10.1016/j.applthermaleng.2016.10.058},
  url = {https://doi.org/10.1016/j.applthermaleng.2016.10.058},
  year = {2017},
  month = feb,
  publisher = {Elsevier {BV}},
  volume = {112},
  pages = {1575--1589},
  author = {S.M.A. Noori Rahim Abadi and A. Ahmadpour and S.M.N.R. Abadi and J.P. Meyer},
  title = {{CFD}-based shape optimization of steam turbine blade cascade in transonic two phase flows},
  journal = {Applied Thermal Engineering}
}

@article{Aminyavari2016,
  doi = {10.1016/j.applthermaleng.2016.07.180},
  url = {https://doi.org/10.1016/j.applthermaleng.2016.07.180},
  year = {2016},
  month = sep,
  publisher = {Elsevier {BV}},
  volume = {108},
  pages = {833--846},
  author = {Mehdi Aminyavari and Alireza Haghighat Mamaghani and Ali Shirazi and Behzad Najafi and Fabio Rinaldi},
  title = {Exergetic,  economic,  and environmental evaluations and multi-objective optimization of an internal-reforming {SOFC}-gas turbine cycle coupled with a Rankine cycle},
  journal = {Applied Thermal Engineering}
}

@article{Ba2019,
  doi = {10.1515/phys-2019-0080},
  url = {https://doi.org/10.1515/phys-2019-0080},
  year = {2019},
  month = dec,
  publisher = {Walter de Gruyter {GmbH}},
  volume = {17},
  number = {1},
  pages = {768--778},
  author = {Wei Ba and Ziyuan Wang and Xuesong Li and Chunwei Gu},
  title = {Three-dimensional optimal design of a cooled turbine considering the coolant-requirement change},
  journal = {Open Physics}
}

@article{Lonard2008,
  doi = {10.1007/s11630-008-0007-z},
  url = {https://doi.org/10.1007/s11630-008-0007-z},
  year = {2008},
  month = mar,
  publisher = {Springer Science and Business Media {LLC}},
  volume = {17},
  number = {1},
  pages = {7--20},
  author = {Olivier L{\'{e}}onard and Olivier Adam},
  title = {A quasi-one-dimensional {CFD} model for multistage turbomachines},
  journal = {Journal of Thermal Science}
}

@article{ksz2010,
  doi = {10.1115/1.3213558},
  url = {https://doi.org/10.1115/1.3213558},
  year = {2010},
  month = may,
  publisher = {{ASME} International},
  volume = {132},
  number = {4},
  author = {\"{O}zhan \"{O}ks\"{u}z and {\.{I}}brahim Sinan Akmandor},
  title = {Multi-Objective Aerodynamic Optimization of Axial Turbine Blades Using a Novel Multilevel Genetic Algorithm},
  journal = {Journal of Turbomachinery}
}

@phdthesis{Arabnia2012,
  author  = {Mohammad Arabnia},
  title   = {Aerodynamic Shape Optimization of Axial Turbines in Three Dimensional Flow},
  school  = {Concordia University},
  year    = {2012},
  address = {Montr\'{e}al, Qu\'{e}bec, Canada},
  month   = mar
}

@mastersthesis{Cervantes2018thesis,
  author  = {Noel Cervantes},
  title   = {An Evolutionary Strategies Method to Optimize Turbine and Compressor Blades},
  school  = {Auburn University},
  year    = {2018},
  address = {Auburn, Alabama},
  month   = may
}

@mastersthesis{Sivashanmugam2011,
  author  = {Vadivel Kumaran Sivashanmugam},
  title   = {Three Dimensional Aero-Structural Shape Optimization of Turbomachinery Blades},
  school  = {Concordia University},
  year    = {2011},
  address = {Montr\'{e}al, Qu\'{e}bec, Canada},
  month   = jan
}

@phdthesis{Mengistu2005,
  author  = {Temesgen Teklemariam Mengistu},
  title   = {Aerodynamic Design and Optimization of Turbomachinery Blading},
  school  = {Concordia University},
  year    = {2005},
  address = {Montr\'{e}al, Qu\'{e}bec, Canada},
  month   = apr
}

@inproceedings{Amano2003,
  year = {2003},
  month = nov,
  publisher = {Gas Turbine Society of Japan},
  author = {Ryoichi S. Amano and Cheng Xu},
  title = {Aerodynamic Blade Optimal Design Of Turbomachinery},
  booktitle = {International Gas Turbine Congress}
}

% Partial admission
@article{Lee2018,
  doi = {10.1016/j.actaastro.2018.01.025},
  url = {https://doi.org/10.1016/j.actaastro.2018.01.025},
  year = {2018},
  month = apr,
  publisher = {Elsevier {BV}},
  volume = {145},
  pages = {105--115},
  author = {Hang Gi Lee and Ju Hyun Shin and Chang-Ho Choi and Eunhwan Jeong and Sejin Kwon},
  title = {Partial admission effect on the performance and vibration of a supersonic impulse turbine},
  journal = {Acta Astronautica}
}

@article{Noh2004,
  doi = {10.5293/kfma.2004.7.6.015},
  url = {https://doi.org/10.5293/kfma.2004.7.6.015},
  year = {2004},
  month = dec,
  publisher = {Korean Fluid Machinery Association},
  volume = {7},
  number = {6},
  pages = {15--20},
  title = {Numerical Flow Analysis of a Partial Admission Turbine Using a Frozen Rotor Method},
  author = {Jun-Gu Noh and Eun-Hwan Jeong and Eui-Seok Lee and Jin-Han Kim},
  journal = {Journal of Fluid Machinery}
}

@article{Ohlsson1962,
  doi = {10.2514/8.9686},
  url = {https://doi.org/10.2514/8.9686},
  year = {1962},
  month = sep,
  publisher = {American Institute of Aeronautics and Astronautics ({AIAA})},
  volume = {29},
  number = {9},
  pages = {1017--1023},
  author = {GUNNAR O. OHLSSON},
  title = {Partial-Admission Turbines},
  journal = {Journal of the Aerospace Sciences}
}

@article{Cho2008,
  doi = {10.1515/tjj.2008.25.2.111},
  url = {https://doi.org/10.1515/tjj.2008.25.2.111},
  year = {2008},
  month = jan,
  publisher = {Walter de Gruyter {GmbH}},
  volume = {25},
  number = {2},
  author = {Soo-Yong Cho and Chong-Hyun Cho and Chaesil Kim},
  title = {Effect of Solidities and Nozzle Flow Angles on a Partially Admitted Small Axial-Type Turbine},
  journal = {International Journal of Turbo and Jet Engines}
}

@article{Varma2012,
  doi = {10.1177/0954410012466779},
  url = {https://doi.org/10.1177/0954410012466779},
  year = {2012},
  month = nov,
  publisher = {{SAGE} Publications},
  volume = {228},
  number = {1},
  pages = {20--34},
  author = {AK Varma and S Soundranayagam},
  title = {Experimental study of a small partial admission axial turbine with low aspect ratio blade},
  journal = {Proceedings of the Institution of Mechanical Engineers,  Part G: Journal of Aerospace Engineering}
}
